@article{dvzeroski2004combining,
  title={Is combining classifiers with stacking better than selecting the best one?},
  author={D{\v{z}}eroski, Saso and {\v{Z}}enko, Bernard},
  journal={Machine learning},
  volume={54},
  number={3},
  pages={255--273},
  year={2004},
  publisher={Springer}
}

@inproceedings{sabour2017dynamic,
  title={Dynamic routing between capsules},
  author={Sabour, Sara and Frosst, Nicholas and Hinton, Geoffrey E},
  booktitle={Advances in Neural Information Processing Systems},
  pages={3859--3869},
  year={2017}
}

@inproceedings{hinton2011transforming,
  title={Transforming auto-encoders},
  author={Hinton, Geoffrey E and Krizhevsky, Alex and Wang, Sida D},
  booktitle={International Conference on Artificial Neural Networks},
  pages={44--51},
  year={2011},
  organization={Springer}
}

@article{fukushima1983neocognitron,
  title={Neocognitron: A neural network model for a mechanism of visual pattern recognition},
  author={Fukushima, Kunihiko and Miyake, Sei and Ito, Takayuki},
  journal={IEEE transactions on systems, man, and cybernetics},
  number={5},
  pages={826--834},
  year={1983},
  publisher={IEEE}
}

@article{simonyan2014very,
  title={Very deep convolutional networks for large-scale image recognition},
  author={Simonyan, Karen and Zisserman, Andrew},
  journal={arXiv preprint arXiv:1409.1556},
  year={2014}
}

@inproceedings{he2016deep,
  title={Deep residual learning for image recognition},
  author={He, Kaiming and Zhang, Xiangyu and Ren, Shaoqing and Sun, Jian},
  booktitle={Proceedings of the IEEE conference on computer vision and pattern recognition},
  pages={770--778},
  year={2016}
}
